@article{O_Neil_1996,
  doi = {10.1007/s002360050048},
  url = {http://dx.doi.org/10.1007/s002360050048},
  year = {1996},
  month = {jun},
  publisher = {Springer Science $\mathplus$ Business Media},
  volume = {33},
  number = {4},
  pages = {351--385},
  author = {Patrick O'Neil and Edward Cheng and Dieter Gawlick and Elizabeth O'Neil},
  title = {{The log-structured merge-tree ({LSM}-tree)}},
  journal = {Acta Informatica},
}


@inproceedings{Lakshman_2009,
  doi = {10.1145/1582716.1582722},
  url = {http://dx.doi.org/10.1145/1582716.1582722},
  year = {2009},
  publisher = {{ACM} Press},
  author = {Avinash Lakshman and Prashant Malik},
  title = {{Cassandra}},
  booktitle = {Proceedings of the 28th {ACM} symposium on Principles of distributed computing - {PODC} {\textquotesingle}09},
}
